@BOOK
  {KandR,
   AUTHOR  = "Kernighan, Brian W. and Ritchie, Dennis M.",
   TITLE   = "{The C Programming Language Second Edition}",
   PUBLISHER = "Prentice-Hall, Inc.",
   YEAR = 1988
  }

@ONLINE
	{fosterpdf,
	AUTHOR = "Foster, Ian",
	TITLE = "What is the Grid? A Three Point Checklist", 
	URL = "http://dlib.cs.odu.edu/WhatIsTheGrid.pdf",
	URLYEAR = 2002,
	PRESORT="aa"
	}

@ONLINE
	{gridcafe,
	URL = "http://www.gridcafe.org/",
	URLYEAR = 2012
	}
@ONLINE
	{north,
	AUTHOR = "North, Ken",
	TITLE = "Milestones in Grid Computing",
	URL = "http://www.gridsummit.com/Articles/Milestones.htm"
	}
	

@ONLINE{redbook,
 author = {B. Jacob and M. Brown and K. Fuku and N. Trivedi},
 title = {Introduction to grid computing},
 publisher = {IBM, International Technical Support Organization},
 year = {2005},
 URL= "http://www.redbooks.ibm.com/redbooks/pdfs/sg246778.pdf"
 }
